% bmc_article.bib
% 

@article{akey2002interrogating,
  title={Interrogating a high-density SNP map for signatures of natural selection},
  author={Akey, Joshua M and Zhang, Ge and Zhang, Kun and Jin, Li and Shriver, Mark D},
  journal={Genome research},
  volume=12,
  number=12,
  pages={1805--1814},
  year=2002,
  publisher={Cold Spring Harbor Lab}
}

@article{zhao2010genomic,
  title={Genomic diversity and introgression in O. sativa reveal the impact of domestication and breeding on the rice genome},
  author={Zhao, Keyan and Wright, Mark and Kimball, Jennifer and Eizenga, Georgia and McClung, Anna and Kovach, Michael and Tyagi, Wricha and Ali, Md Liakat and Tung, Chih-Wei and Reynolds, Andy and others},
  journal={PLoS One},
  volume=5,
  number=5,
  pages={e10780},
  year=2010,
  publisher={Public Library of Science}
}

@article{kijas2012genome,
  title={Genome-wide analysis of the world's sheep breeds reveals high levels of historic mixture and strong recent selection},
  author={Kijas, James W and Lenstra, Johannes A and Hayes, Ben and Boitard, Simon and Neto, Laercio R Porto and San Cristobal, Magali and Servin, Bertrand and McCulloch, Russell and Whan, Vicki and Gietzen, Kimberly and others},
  journal={PLoS biology},
  volume=10,
  number=2,
  pages={e1001258},
  year=2012,
  publisher={Public Library of Science}
}

@article{braverman1995hitchhiking,
  title={The hitchhiking effect on the site frequency spectrum of DNA polymorphisms.},
  author={Braverman, John M and Hudson, Richard R and Kaplan, Norman L and Langley, Charles H and Stephan, Wolfgang},
  journal={Genetics},
  volume=140,
  number=2,
  pages={783--796},
  year=1995,
  publisher={Genetics Soc America}
}

@article{wright1949genetical,
  title={The genetical structure of populations},
  author={Wright, Sewall},
  journal={Annals of eugenics},
  volume=15,
  number=1,
  pages={323--354},
  year=1949,
  publisher={Wiley Online Library}
}

@article{nei1973analysis,
  title={Analysis of gene diversity in subdivided populations},
  author={Nei, Masatoshi},
  journal={Proceedings of the National Academy of Sciences},
  volume=70,
  number=12,
  pages={3321--3323},
  year=1973,
  publisher={National Acad Sciences}
}
@article{nielsen2005genomic,
  title={Genomic scans for selective sweeps using SNP data},
  author={Nielsen, Rasmus and Williamson, Scott and Kim, Yuseob and Hubisz, Melissa J and Clark, Andrew G and Bustamante, Carlos},
  journal={Genome research},
  volume=15,
  number=11,
  pages={1566--1575},
  year=2005,
  publisher={Cold Spring Harbor Lab}
}
@article{stella2010identification,
  title={Identification of selection signatures in cattle breeds selected for dairy production},
  author={Stella, Alessandra and Ajmone-Marsan, Paolo and Lazzari, Barbara and Boettcher, Paul},
  journal={Genetics},
  volume=185,
  number=4,
  pages={1451--1461},
  year=2010,
  publisher={Genetics Soc America}
}
@article{thomsen2006missense,
  title={A missense mutation in the bovine SLC35A3 gene, encoding a UDP-N-acetylglucosamine transporter, causes complex vertebral malformation},
  author={Thomsen, Bo and Horn, Per and Panitz, Frank and Bendixen, Em{\o}ke and Petersen, Anette H and Holm, Lars-Erik and Nielsen, Vivi H and Agerholm, J{\o}rgen S and Arnbjerg, Jens and Bendixen, Christian},
  journal={Genome research},
  volume=16,
  number=1,
  pages={97--105},
  year=2006,
  publisher={Cold Spring Harbor Lab}
}
@article{nei1977f,
  title={F-statistics and analysis of gene diversity in subdivided populations},
  author={Nei, Masatoshi},
  journal={Annals of human genetics},
  volume=41,
  number=2,
  pages={225--233},
  year=1977,
  publisher={Wiley Online Library}
}

%  An example of bibtex entries.
%  Entries taken from BMC instructions for authors page.


@article{blank,
	author  = {}, 
	title   = {},
	journal = {}, 
	year  = {},
	  month = {}, 
	  volume= {}, 
	  number= {}, 
	  pages = {},
	  note  = {} 
}	

% Article within a journal
@ARTICLE{koon,
	author  = {Koonin, E V and Altschul, S F and P Bork}, 
	title   = {BRCA1 protein products: functional motifs}, 
	journal = {Nat Genet}, 
	year    = 1996,
	volume  = 13, 
	pages   = {266-267}
}	

% Article within a journal supplement
@ARTICLE{oreg,
	author  = {Orengo, C A and Bray, J E and Hubbard, 
		   T and LoConte, L and Sillitoe, I}, 
	title   = {Analysis and assessment of ab initio 
		   three-dimensional prediction, secondary 
		   structure, and contacts prediction},
	journal = {Proteins}, 
	year    = {1999},
	volume  = {Suppl 3}, 
	pages   = {149-170}
}	

% In press article
@inpress{khar,
	author  = {Kharitonov, S A and Barnes, P J}, 
	title   = {Clinical aspects of exhaled nitric oxide},
	journal = {Eur Respir J}, 
	note    = {in press} 
}	

%
% Published abstract
%
@ARTICLE{zvai,
	author  = {Zvaifler, N J and Burger, J A and Marinova-Mutafchieva, 
		   L and Taylor, P and Maini, R N},
	title   = {Mesenchymal cells, stromal derived factor-1 and 
		   rheumatoid arthritis [abstract]},
	journal = {Arthritis Rheum}, 
	year    = {1999},
	volume  = {42}, 
	pages   = {s250},
}	


%
% Article within conference proceedings
%
@Inproceedings{xjon,
	author    = {X Jones}, 
	title     = {Zeolites and synthetic mechanisms},
	booktitle = {Proceedings of the First National Conference on 
		     Porous Sieves: 27-30 June 1996; Baltimore},
	year      = {1996},
	  editor  = {Y Smith}, 
	  pages   = {16-27},
	  organization  = {Stoneham: Butterworth-Heinemann}
}	

%%%%%%%%
%  Book chapter, or article within a book
%
@incollection{schn,
	author    = {E Schnepf}, 
	title     = {From prey via endosymbiont to plastids: 
		     comparative studies in dinoflagellates},
	booktitle = {Origins of Plastids}, 
	editor    = {R A Lewin}, 
	publisher = {Chapman and Hall},
	pages     = {53-76}, 
	year      = {1993},
	  address = {New York}, 
	  volume  = {2}, 
	  edition = {2nd} 
}	

%%%%%%%%
% Whole issue of journal
%
@wholejournal{pond,
	editor  = {B Ponder and S Johnston and L Chodosh}, 
	title   = {Innovative oncology},
	journal = {Breast Cancer Res}, 
	year  = {1998},
	  volume= {10}, 
	  pages = {1-72}
}	


%%%%%%%%
% Whole conference proceedings
%
@proceedings{smith,
	editor  = {Y Smith}, 
	title   = {Proceedings of the First National Conference
		   on Porous Sieves: 27-30 June 1996; Baltimore},
	year = 1996,
	  address= {Stoneham}, 
	  publisher = {Butterworth-Heinemann},
}	


%%%%%%%%
% Complete book
%
@book{marg,
	author    = {L Margulis}, 
	title     = {Origin of Eukaryotic Cells},
	publisher = {Yale University Press}, 
	year      = {1970},
	address   = {New Haven} 
}



%%%%%%%%
% Monograph or book in series 
%
@incollection{hunn,
	author    = {G W Hunninghake and J E Gadek}, 
	title     = {The alveloar macrophage},
	booktitle = {Cultured Human Cells and Tissues},
	publisher = {Academic Press}, 
	year      = {1995},
  pages      = {54-56},
	  editor   = {T J R Harris}, 
	  address  = {New York}, 
	  note     = {Stoner G (Series Editor): Methods and Perspectives in Cell Biology, vol 1} 
}


%%%%%%%%
% Book with institutional author
@manual{advi,
	  title   = {Annual Report}, 
	    organization  = {Advisory Committee on Genetic Modification}, 
	    address = {London},
	    year    = {1999}
}


%%%%%%%%
% PHD Thesis
%
@phdthesis{koha,
	author = {R Kohavi}, 
	title  = {Wrappers for performance enhancement and
		  obvious decision graphs},
	school = {Stanford University, Computer Science Department},
	year   = {1995}
}

%%%%%%%%
% Webpage Link / URL
%
@webpage{mouse,
	title  = {The Mouse Tumor Biology Database},
	url = {http://tumor.informatics.jax.org/cancer\_links.html}
}


